@ARTICLE{Hoare69,
    author = {C. A. R. Hoare},
    title = {An axiomatic basis for computer programming},
    journal = {COMMUNICATIONS OF THE ACM},
    year = {1969},
    volume = {12},
    number = {10},
    pages = {576--580}
}

@inproceedings{Necula97,
 author = {Necula, George C.},
 title = {Proof-carrying code},
 booktitle = {Proceedings of the 24th ACM SIGPLAN-SIGACT symposium on Principles of programming languages},
 series = {POPL '97},
 year = {1997},
 isbn = {0-89791-853-3},
 location = {Paris, France},
 pages = {106--119},
 numpages = {14},
 url = {http://doi.acm.org/10.1145/263699.263712},
 doi = {10.1145/263699.263712},
 acmid = {263712},
 publisher = {ACM},
 address = {New York, NY, USA},
}

@TECHREPORT{Necula98,
    author = {George Ciprian Necula},
    title = {Compiling with Proofs},
    institution = {},
    year = {1998}
}

@INPROCEEDINGS{Reynolds02,
    author = {John Reynolds},
    title = {Separation Logic: A Logic for Shared Mutable Data Structures},
    booktitle = {},
    year = {2002},
    pages = {55--74},
    publisher = {IEEE Computer Society}
}

@article{Nelson:1979:SCD:357073.357079,
 author = {Nelson, Greg and Oppen, Derek C.},
 title = {Simplification by Cooperating Decision Procedures},
 journal = {ACM Trans. Program. Lang. Syst.},
 issue_date = {Oct. 1979},
 volume = {1},
 number = {2},
 month = oct,
 year = {1979},
 issn = {0164-0925},
 pages = {245--257},
 numpages = {13},
 url = {http://doi.acm.org/10.1145/357073.357079},
 doi = {10.1145/357073.357079},
 acmid = {357079},
 publisher = {ACM},
 address = {New York, NY, USA},
} 

@ARTICLE{Nelson80,
    author = {Greg Nelson and Derek and C. Oppen},
    title = {Fast decision procedures based on congruence closure},
    journal = {Journal of the ACM},
    year = {1980},
    volume = {27},
    pages = {356--364}
}

@INPROCEEDINGS{Berdine05smallfoot,
    author = {Josh Berdine and Cristiano Calcagno and Peter W. O’hearn},
    title = {Smallfoot: Modular automatic assertion checking with separation logic},
    booktitle = {In International Symposium on Formal Methods for Components and Objects},
    year = {2005},
    pages = {115--137},
    publisher = {Springer}
}

@INPROCEEDINGS{Berdine04adecidable,
    author = {Josh Berdine and Cristiano Calcagno and Peter O'Hearn},
    title = {A Decidable Fragment of Separation Logic},
    booktitle = {In FSTTCS},
    year = {2004},
    pages = {97--109},
    publisher = {Springer}
}

@inproceedings{DeMoura:2008:ZES:1792734.1792766,
 author = {De Moura, Leonardo and Bj{\o}rner, Nikolaj},
 title = {Z3: an efficient SMT solver},
 booktitle = {Proceedings of the Theory and practice of software, 14th international conference on Tools and algorithms for the construction and analysis of systems},
 series = {TACAS'08/ETAPS'08},
 year = {2008},
 isbn = {3-540-78799-2, 978-3-540-78799-0},
 location = {Budapest, Hungary},
 pages = {337--340},
 numpages = {4},
 url = {http://dl.acm.org/citation.cfm?id=1792734.1792766},
 acmid = {1792766},
 publisher = {Springer-Verlag},
 address = {Berlin, Heidelberg},
}

@proceedings{CurryHB:hbcecl,
 title		= {To H.B. Curry: Essays on Combinatory Logic,
	Lambda Calculus and Formalism},
 editor		= {Curry, Haskell and Seldin, Jonathan and Hindley, Roger},
 booktitle	= {To H.B. Curry: Essays on Combinatory Logic,
	Lambda Calculus and Formalism},
 publisher	= {Academic Press},
 year		= 1980,
 isbn		= 0123490502}

@incollection{HowardWA:fortnc,
 author		= {Howard, William},
 title		= {The formulae-as-types notion of construction},
 pages		= {479--490},
 crossref	= {CurryHB:hbcecl}}

@Book\{BC04,
  author       = "Bertot, Yves and Cast\'eran, Pierre",
  title        = "Interactive Theorem Proving and Program Development. Coq'Art: The Calculus of Inductive Constructions",
  series       = "Texts in Theoretical Computer Science",
  year         = "2004",
  publisher    = "Springer Verlag",
  url          = "http://www.labri.fr/publications/l3a/2004/BC04"
}

@book{Harrison:2009:HPL:1540610,
 author = {Harrison, John},
 title = {Handbook of Practical Logic and Automated Reasoning},
 year = {2009},
 isbn = {0521899575, 9780521899574},
 edition = {1st},
 publisher = {Cambridge University Press},
 address = {New York, NY, USA},
}

@book{Kroening:2008:DPA:1391237,
 author = {Kroening, Daniel and Strichman, Ofer},
 title = {Decision Procedures: An Algorithmic Point of View},
 year = {2008},
 isbn = {3540741046, 9783540741046},
 edition = {1},
 publisher = {Springer Publishing Company, Incorporated},
}

@misc{coq,
 title = "Coq",
 howpublished = "Website",
 url = "http://coq.inria.fr/"
}

@misc{z3,
 title = "Z3",
 howpublished = "Website",
 url = "http://z3.codeplex.com/"
}

@misc{smallfoot,
 title = "Smallfoot",
 howpublished = "Website",
 url = "http://www.cs.ucl.ac.uk/staff/p.ohearn/smallfoot/"
}

@book{my:logic,
  author =       {汪芳庭},
  title =        {离散数学之三:数理逻辑},
  publisher =    {中国科学技术大学出版社},
  year =         {1990},
  address =      {合肥},
}

@ARTICLE{CDBLP:86144,
  AUTHOR = "杨思敏 and 李兆鹏 and 庄重 and 张臻婷",
  TITLE = "出具证明编译器中线性整数命题证明的自动生成",
  JOURNAL = "小型微型计算机系统",
  VOLUME = {},
  NUMBER = {06},
  PAGES = {1175-1181},
  YEAR = {2011},
  LANG = {zh}	
}
